@book{Berry2010TMAT,
    title = {Text Mining: Applications and Theory},
    author = {Michael W. Berry and Jacob Kogan},
    isbn = {9780470749821},
    url={},
    year = {2010},
    month = {},
    publisher={John Wiley \& Sons},
    pages = {207},
    numpages = {207},
    volume   = {},
    number   = {},
    series   = {},
    address  = {},
    edition  = {1},
    note     = {}
}

@book{Sammut2017EMLDM,
    title={Encyclopedia of Machine Learning and Data Mining},
    editor={Claude Sammut and Geoffrey I. Webb},
    year={2017},
    publisher={Springer Science+Business Media New York},
    edition  = {2},
    pages = {1335},
    numpages = {1335},
}

@book{Manning2008IIR,
    title = {Introduction to Information Retrieval},
    author = {Christopher D. Manning and Prabhakar Raghavan and Hinrich Sch√ºtze},
    isbn = {9780511414053},
    url={},
    year = {2008},
    month = {},
    publisher={Cambridge University Press},
    pages = {482},
    numpages = {482},
    volume   = {},
    number   = {},
    series   = {},
    address  = {},
    edition  = {1},
    note     = {}
}

@book{Srivastava2009TMCCA,
    title = {Text Mining: Classification, Clustering, and Applications},
    author = {Ashok N. Srivastava and Mehran Sahami},
    isbn = {9781420059403},
    url={},
    year = {2009},
    month = {},
    publisher={Chapman \& Hall/CRC},
    pages = {278},
    numpages = {278},
    volume   = {},
    number   = {},
    series   = {Chapman \& Hall/CRC Data Mining and Knowledge Discovery Series},
    address  = {},
    edition  = {1},
    note     = {}
}